@book{NumPy,
author = {Oliphant, Travis},
year = {2006},
month = {01},
title = {Guide to NumPy}
}
@article{yang2014comparison,
  title={Comparison of filtering methods for the modeling and retrospective forecasting of influenza epidemics},
  author={Yang, Wan and Karspeck, Alicia and Shaman, Jeffrey},
  journal={PLoS computational biology},
  volume={10},
  number={4},
  year={2014},
  publisher={Public Library of Science}
}
@article{zaman2008stability,
  title={Stability analysis and optimal vaccination of an SIR epidemic model},
  author={Zaman, Gul and Kang, Yong Han and Jung, Il Hyo},
  journal={BioSystems},
  volume={93},
  number={3},
  pages={240--249},
  year={2008},
  publisher={Elsevier}
}